@article{zhang2000flexible,
	title={A flexible new technique for camera calibration},
	author={Zhang, Zhengyou},
	journal={IEEE Transactions on pattern analysis and machine intelligence},
	volume={22},
	year={2000}
}
@book{jo2001CG,
	title={写真から作る三次元CG　－イメージ・ベースド・モデリング＆レンダリング},
	author={徐剛},
	publisher={近代科学社},
	year={2001}
}