@article{watanabe1998rational,
  title={Rational filters for passive depth from defocus},
  author={Watanabe, Masahiro and Nayar, Shree K},
  journal={International Journal of Computer Vision},
  volume={27},
  number={3},
  pages={203--225},
  year={1998},
  publisher={Springer}
}