@article{schechner2000depth,
  title={Depth from defocus vs. stereo: How different really are they?},
  author={Schechner, Yoav Y and Kiryati, Nahum},
  journal={International Journal of Computer Vision},
  volume={39},
  number={2},
  pages={141--162},
  year={2000},
  publisher={Springer}
}