@article{rajagopalan2004depth,
  title={Depth estimation and image restoration using defocused stereo pairs},
  author={Rajagopalan, AN and Chaudhuri, Subhasis and Mudenagudi, Uma},
  journal={IEEE transactions on pattern analysis and machine intelligence},
  volume={26},
  number={11},
  pages={1521--1525},
  year={2004},
  publisher={IEEE}
}