@article{磯野 友洋2011,
  title={多視点Depth From Focus/Defocus法について(学生研究発表会)},
  author={磯野 友洋 and 仲野 豊 and 吉田 俊之},
  journal={映像情報メディア学会技術報告},
  volume={35.8},
  number={ },
  pages={81-84},
  year={2011},
  doi={10.11485/itetr.35.8.0_81}
}