@article{GROSSMANN198763,
title = "Depth from focus",
journal = "Pattern Recognition Letters",
volume = "5",
number = "1",
pages = "63 - 69",
year = "1987",
issn = "0167-8655",
doi = "https://doi.org/10.1016/0167-8655(87)90026-2",
url = "http://www.sciencedirect.com/science/article/pii/0167865587900262",
author = "P. Grossmann",
keywords = "Depth map, blur"
}