@article{DBLP:journals/corr/HazirbasLC17,
  author    = {Caner Hazirbas and
               Laura Leal{-}Taix{\'{e}} and
               Daniel Cremers},
  title     = {Deep Depth From Focus},
  journal   = {CoRR},
  volume    = {abs/1704.01085},
  year      = {2017},
  url       = {http://arxiv.org/abs/1704.01085},
  archivePrefix = {arXiv},
  eprint    = {1704.01085},
  timestamp = {Mon, 06 Nov 2017 12:14:00 +0100},
  biburl    = {https://dblp.org/rec/bib/journals/corr/HazirbasLC17},
  bibsource = {dblp computer science bibliography, https://dblp.org}
}

