@INPROCEEDINGS{4042035, 
author={C. Frese and I. Gheta}, 
booktitle={2006 IEEE International Conference on Multisensor Fusion and Integration for Intelligent Systems}, 
title={Robust Depth Estimation by Fusion of Stereo and Focus Series Acquired with a Camera Array}, 
year={2006}, 
volume={}, 
number={}, 
pages={243-248}, 
keywords={cameras;image fusion;image sensors;stereo image processing;camera array;focus series;intensity sensors;robust depth estimation;stereo fusion;Focusing;Fuses;Image resolution;Intelligent sensors;Layout;Optical arrays;Robot vision systems;Robustness;Sensor arrays;Smart cameras}, 
doi={10.1109/MFI.2006.265618}, 
ISSN={}, 
month={Sept},}