@article{pertuz2013analysis,
  title={Analysis of focus measure operators for shape-from-focus},
  author={Pertuz, Said and Puig, Domenec and Garcia, Miguel Angel},
  journal={Pattern Recognition},
  volume={46},
  number={5},
  pages={1415--1432},
  year={2013},
  publisher={Elsevier}
}