@inproceedings{an2008shape,
  title={Shape from focus through Laplacian using 3D window},
  author={An, Youngeun and Kang, Gwangwon and Kim, Il-Jung and Chung, Hyun-Sook and Park, Jongan},
  booktitle={Future Generation Communication and Networking, 2008. FGCN'08. Second International Conference on},
  volume={2},
  pages={46--50},
  year={2008},
  organization={IEEE}
}