@misc{chien2014adaptive,
  title={Adaptive bilateral blur brush tool},
  author={Chien, Jen-Chan and Tao, Michael W and Paris, Sylvain},
  year={2014},
  month=feb # "~18",
  publisher={Google Patents},
  note={US Patent 8,655,097}
}