@misc{krishnaswamy2014fast,
  title={Fast adaptive edge-aware matting},
  author={Krishnaswamy, Aravind and Tao, Michael W},
  year={2014},
  month=nov # "~4",
  publisher={Google Patents},
  note={US Patent 8,879,835}
}