@inproceedings{tao2015depth,
  title={Depth from shading, defocus, and correspondence using light-field angular coherence},
  author={Tao, Michael W and Srinivasan, Pratul P and Malik, Jitendra and Rusinkiewicz, Szymon and Ramamoorthi, Ravi},
  booktitle={Proceedings of the IEEE Conference on Computer Vision and Pattern Recognition},
  pages={1940--1948},
  year={2015}
}