@misc{tao2016depth,
  title={Depth estimation using three-dimensional epipolar data structures},
  author={Tao, Michael Wish and Hadap, Sunil},
  year={2016},
  month=jan # "~19",
  publisher={Google Patents},
  note={US Patent 9,240,048}
}