@inproceedings{tao2014depth,
  title={Depth estimation for glossy surfaces with light-field cameras},
  author={Tao, Michael W and Wang, Ting-Chun and Malik, Jitendra and Ramamoorthi, Ravi},
  booktitle={European Conference on Computer Vision},
  pages={533--547},
  year={2014},
  organization={Springer}
}