@InProceedings{Tao_2013_ICCV,
author = {Tao, Michael W. and Hadap, Sunil and Malik, Jitendra and Ramamoorthi, Ravi},
title = {Depth from Combining Defocus and Correspondence Using Light-Field Cameras},
booktitle = {The IEEE International Conference on Computer Vision (ICCV)},
month = {December},
year = {2013}
}