@misc{tao2015depth,
  title={Depth estimation using normalized displacement of image pairs},
  author={Tao, Michael Wish and Hadap, Sunil},
  year={2015},
  month=dec # "~15",
  publisher={Google Patents},
  note={US Patent 9,214,025}
}