@inproceedings{tao2013sharpening,
  title={Sharpening Out of Focus Images using High-Frequency Transfer},
  author={Tao, Michael W and Malik, Jitendra and Ramamoorthi, Ravi},
  booktitle={Computer Graphics Forum},
  volume={32},
  number={2pt4},
  pages={489--498},
  year={2013},
  organization={Wiley Online Library}
}