@ARTICLE{7452621, 
author={M. W. Tao and P. P. Srinivasan and S. Hadap and S. Rusinkiewicz and J. Malik and R. Ramamoorthi}, 
journal={IEEE Transactions on Pattern Analysis and Machine Intelligence}, 
title={Shape Estimation from Shading, Defocus, and Correspondence Using Light-Field Angular Coherence}, 
year={2017}, 
volume={39}, 
number={3}, 
pages={546-560}, 
keywords={light coherence;optical focusing;shape recognition;all-in-focus image;correspondence metrics;depth consistency;depth estimation;image shading;light-field angular coherence;photo consistency;shading consistency;shape estimation;Cameras;Coherence;Estimation;Geometry;Lenses;Lighting;Shape;3D reconstruction;Light fields;depth cues;reflection components separation;shape from shading;specular-free image}, 
doi={10.1109/TPAMI.2016.2554121}, 
ISSN={0162-8828}, 
month={March},}