@misc{tao2012variably,
  title={Variably fast and continuous bilateral approximation filtering using histogram manipulations},
  author={Tao, Michael W and Chien, Jen-Chan},
  year={2012},
  month=nov # "~20",
  publisher={Google Patents},
  note={US Patent 8,315,473}
}