@inproceedings{Tao:2012:FAE:2305276.2305290,
 author = {Tao, Michael W. and Krishnaswamy, Aravind},
 title = {Fast Adaptive Edge-aware Mask Generation},
 booktitle = {Proceedings of Graphics Interface 2012},
 series = {GI '12},
 year = {2012},
 isbn = {978-1-4503-1420-6},
 location = {Toronto, Ontario, Canada},
 pages = {77--83},
 numpages = {7},
 url = {http://dl.acm.org/citation.cfm?id=2305276.2305290},
 acmid = {2305290},
 publisher = {Canadian Information Processing Society},
 address = {Toronto, Ont., Canada, Canada},
}