@inproceedings{tao2012simpleflow,
  title={SimpleFlow: A Non-iterative, Sublinear Optical Flow Algorithm},
  author={Tao, Michael and Bai, Jiamin and Kohli, Pushmeet and Paris, Sylvain},
  booktitle={Computer Graphics Forum},
  volume={31},
  number={2pt1},
  pages={345--353},
  year={2012},
  organization={Wiley Online Library}
}