@book{tao2015unified,
  title={Unified Multi-Cue Depth Estimation from Light-Field Images: Correspondence, Defocus, Shading, and Specularity},
  author={Tao, Michael Wish and Ramamoorthi, Ravi and Malik, Jitendra and Efros, Alexei Alyosha},
  year={2015},
  publisher={University of California, Berkeley}
}