@inproceedings{srinivasan2015oriented,
  title={Oriented light-field windows for scene flow},
  author={Srinivasan, Pratul P and Tao, Michael W and Ng, Ren and Ramamoorthi, Ravi},
  booktitle={Proceedings of the IEEE International Conference on Computer Vision},
  pages={3496--3504},
  year={2015}
}