@inproceedings{Kosloff:2009:DFP:1555880.1555897,
 author = {Kosloff, Todd J. and Tao, Michael W. and Barsky, Brian A.},
 title = {Depth of Field Postprocessing for Layered Scenes Using Constant-time Rectangle Spreading},
 booktitle = {Proceedings of Graphics Interface 2009},
 series = {GI '09},
 year = {2009},
 isbn = {978-1-56881-470-4},
 location = {Kelowna, British Columbia, Canada},
 pages = {39--46},
 numpages = {8},
 url = {http://dl.acm.org/citation.cfm?id=1555880.1555897},
 acmid = {1555897},
 publisher = {Canadian Information Processing Society},
 address = {Toronto, Ont., Canada, Canada},
}