@inproceedings{tao2010error,
  title={Error-tolerant image compositing},
  author={Tao, Michael W and Johnson, Micah K and Paris, Sylvain},
  booktitle={European Conference on Computer Vision},
  pages={31--44},
  year={2010},
  organization={Springer}
}