@article{tao2016depth,
  title={Depth estimation and specular removal for glossy surfaces using point and line consistency with light-field cameras},
  author={Tao, Michael W and Su, Jong-Chyi and Wang, Ting-Chun and Malik, Jitendra and Ramamoorthi, Ravi},
  journal={IEEE transactions on pattern analysis and machine intelligence},
  volume={38},
  number={6},
  pages={1155--1169},
  year={2016},
  publisher={IEEE}
}