@inproceedings{srinivasan2015oriented,
   title={Oriented Light-Field Windows for Scene Flow},
   author={Srinivasan, Pratul and Tao, Michael 
   and Ng, Ren and Ramamoorthi, Ravi},
   booktitle={Proceedings of the IEEE International 
   Conference on Computer Vision (ICCV)},
   year={2015}
}