@inproceedings{wang2016dataset,
   title={A {4D} light-field dataset and {CNN} 
   architectures for material recognition},
   author={Wang, Ting-Chun and Zhu, Jun-Yan 
   and Hiroaki, Ebi and Chandraker, Manmohan 
   and Efros, Alexei and Ramamoorthi, Ravi},
   booktitle={Proceedings of European Conference on 
   Computer Vision (ECCV)},
   year={2016}
}