@inproceedings{tao2013depth,
   author={Tao, Michael and Hadap, Sunil
   and Malik, Jitendra and Ramamoorthi, Ravi},
   title={Depth from combining defocus and 
   correspondence using light-field cameras},	
   booktitle={Proceedings of the IEEE International 
   Conference on Computer Vision (ICCV)},
   year={2013},
}