@article{LearningViewSynthesis,
   author  = {Nima Khademi Kalantari and 
   Ting-Chun Wang and Ravi Ramamoorthi},
   title   = {Learning-Based View Synthesis 
   for Light Field Cameras},
   journal = {ACM Transactions on Graphics 
   (Proceedings of SIGGRAPH Asia 2016)},
   volume  = {35},
   number  = {6},
   year    = {2016},
}