@article{tian2017light,
   author  = {Jiandong Tian and Zak Murez and Tong Cui and Zhen Zhang
              and David Kriegman and Ravi Ramamoorthi},
   title   = {Depth and Image Restoration from Light Field in a Scattering Medium},
   journal = {International Conference on Computer Vision (ICCV)},
   year    = {2017}
}