@article{tao2016shape,
   title={Shape Estimation from Shading, Defocus, and 
   Correspondence Using Light-Field Angular Coherence},
   author={Tao, Michael and Srinivasan, Pratul 
   and Hadap, Sunil and Rusinkiewicz, Szymon 
   and Malik, Jitendra and Ramamoorthi, Ravi},
   journal={IEEE Transactions on Pattern 
   Analysis and Machine Intelligence (TPAMI)},
   year={2016},
}