@article{wang2016depth,
   title={Depth estimation with occlusion modeling 
   using light-field cameras},
   author={Wang, Ting-Chun and Efros, Alexei and 
   Ramamoorthi, Ravi},
   journal={IEEE Transactions on Pattern 
   Analysis and Machine Intelligence (TPAMI)},
   year={2016},
}