@inproceedings{srinivasan2017light,
  title={Light field blind motion deblurring},
  author={Srinivasan, Pratul P and Ng, Ren and Ramamoorthi, Ravi},
  booktitle={The IEEE Conference on Computer Vision and Pattern Recognition (CVPR)},
  volume={1},
  number={2},
  pages={3},
  year={2017}
}