@article{wang2017svbrdf,
   title={{SVBRDF}-Invariant Shape and Reflectance 
   Estimation from Light-Field Cameras},
   author={Wang, Ting-Chun and Chandraker, Manmohan
   and Efros, Alexei and Ramamoorthi, Ravi},
   journal={IEEE Transactions on Pattern 
   Analysis and Machine Intelligence (TPAMI)},
   year={2017},
}