@inproceedings{li2017robust,
  title={Robust energy minimization for brdf-invariant shape from light fields},
  author={Li, Zhengqin and Xu, Zexiang and Ramamoorthi, Ravi and Chandraker, Manmohan},
  booktitle={The IEEE Conference on Computer Vision and Pattern Recognition (CVPR)},
  volume={1},
  year={2017}
}