@article{kalantari2017hdr,
   author  = {Nima Khademi Kalantari and Ravi Ramamoorthi},
   title   = {Deep High Dynamic Range Imaging of Dynamic Scenes},
   journal = {ACM Transactions on Graphics (Proceedings of SIGGRAPH)},
   volume  = {36},
   number  = {4},
   year    = {2017},
}