@article{pratul2017lightField,
   author  = {Pratul P. Srinivasan and Tongzhou Wang and Ashwin Sreelal
              and Ravi Ramamoorthi and Ren Ng},
   title   = {Learning to Synthesize a 4D RGBD Light Field from a Single Image},
   journal = {International Conference on Computer Vision (ICCV)},
   year    = {2017}
}