@article{wang2017light,
   author  = {Ting-Chun Wang and Jun-Yan Zhu and Nima Khademi Kalantari 
              and Alexei A. Efros and Ravi Ramamoorthi},
   title   = {Light Field Video Capture Using a Learning-Based Hybrid 
              Imaging System},
   journal = {ACM Transactions on Graphics (Proceedings of SIGGRAPH)},
   volume  = {36},
   number  = {4},
   year    = {2017},
}