@inproceedings{reddy2013external,
   author={Reddy, Deepti and Bai, Jie and Ramamoorthi, Ravi},
   title={External mask based depth and light field camera},	
   booktitle={Proceedings of the IEEE International 
   Conference on Computer Vision (ICCV) Workshops},
   year={2013},
}