@inproceedings{tao2015shading,
   title={Depth from Shading, Defocus, and 
   Correspondence Using Light-Field Angular Coherence},
   author={Tao, Michael W and Srinivasan, Pratul P 
   and Malik, Jitendra and Rusinkiewicz, Szymon 
   and Ramamoorthi, Ravi},
   booktitle={Proceedings of the IEEE Conference on 
   Computer Vision and Pattern Recognition (CVPR)},
   year={2015}
}