@article{tao2015specular,
title={Depth Estimation and Specular Removal for 
   Glossy Surfaces Using Point and Line Consistency 
   with Light-Field Cameras},
   author={Tao, Michael and Su, Jong-Chyi and 
   Wang, Ting-Chun and Malik, Jitendra 
   and Ramamoorthi, Ravi},
   journal={IEEE Transactions on Pattern 
   Analysis and Machine Intelligence (TPAMI)},
   year={2015},
}