@inproceedings{wang2015occlusion,
   title={Occlusion-aware depth estimation using 
   light-field cameras},
   author={Wang, Ting-Chun and Efros, Alexei and 
   Ramamoorthi, Ravi},
   booktitle={Proceedings of the IEEE International 
   Conference on Computer Vision (ICCV)},
   year={2015}
}