@inproceedings{wang2016svbrdf,
   title={SVBRDF-invariant shape and reflectance 
   estimation from light-field cameras},
   author={Wang, Ting-Chun and Chandraker, Manmohan 
   and Efros, Alexei and Ramamoorthi, Ravi},
   booktitle={Proceedings of the IEEE Conference on 
   Computer Vision and Pattern Recognition (CVPR)},
   year={2016}
}