@inproceedings{tao2014glossy,
   title={Depth estimation for glossy surfaces with 
   light-field cameras},
   author={Tao, Michael W and Wang, Ting-Chun 
   and Malik, Jitendra and Ramamoorthi, Ravi},
   booktitle={Proceedings of the IEEE European 
   Conference on Computer Vision Workshops (ECCVW)},
   year={2014},
}