@inproceedings{wang2016semi,
   title={Depth from semi-calibrated stereo and defocus},
   author={Wang, Ting-Chun and Srikanth, Manohar
   and Ramamoorthi, Ravi},
   booktitle={Proceedings of the IEEE Conference on 
   Computer Vision and Pattern Recognition (CVPR)},
   year={2016}
}