@article{liang2015light,
  title={A light transport framework for lenslet light field cameras},
  author={Liang, Chia-Kai and Ramamoorthi, Ravi},
  journal={ACM Transactions on Graphics (TOG)},
  volume={34},
  number={2},
  pages={16},
  year={2015}
}