@article{110009437921,
author="日浦, 慎作",
title="コンピュテーショナルフォトグラフィ概観(固体撮像技術および一般)",
journal="映像情報メディア学会技術報告",
ISSN="13426893",
publisher="一般社団法人 映像情報メディア学会",
year="2012",
month="",
volume="36",
number="",
pages="17-21",
URL="https://ci.nii.ac.jp/naid/110009437921/",
DOI="10.11485/itetr.36.18.0_17",
}