@article{110007991168,
author="日浦, 慎作",
title="コンピュテーショナルフォトグラフィ理解のための光学系入門",
journal="研究報告コンピュータビジョンとイメージメディア（CVIM）",
ISSN="09196072",
publisher="情報処理学会",
year="2010",
month="mar",
volume="2010",
number="13",
pages="1-12",
URL="https://ci.nii.ac.jp/naid/110007991168/",
DOI="",
}