@article{110007997503,
author="日浦, 慎作",
title="コンピュテーショナルフォトグラフィ：画像獲得の再定義",
journal="研究報告グラフィクスとCAD（CG）",
ISSN="1884-0930",
publisher="情報処理学会",
year="2010",
month="nov",
volume="2010",
number="4",
pages="1-6",
URL="https://ci.nii.ac.jp/naid/110007997503/",
DOI="",
}