@article{ng2005light,
  title={Light field photography with a hand-held plenoptic camera},
  author={Ng, Ren and Levoy, Marc and Br{\'e}dif, Mathieu and Duval, Gene and Horowitz, Mark and Hanrahan, Pat and others},
  journal={Computer Science Technical Report CSTR},
  volume={2},
  number={11},
  pages={1--11},
  year={2005}
}