@inproceedings{bishop2010full,
  title={Full-resolution depth map estimation from an aliased plenoptic light field},
  author={Bishop, Tom E and Favaro, Paolo},
  booktitle={Asian Conference on Computer Vision},
  pages={186--200},
  year={2010},
  organization={Springer}
}