@inproceedings{shin2018epinet,
  title={EPINET: A Fully-Convolutional Neural Network Using Epipolar Geometry for Depth from Light Field Images},
  author={Shin, Changha and Jeon, Hae-Gon and Yoon, Youngjin and Kweon, In So and Kim, Seon Joo},
  booktitle={Proceedings of the IEEE Conference on Computer Vision and Pattern Recognition},
  pages={4748--4757},
  year={2018}
}