@inproceedings{wang2015occlusion,
  title={Occlusion-aware depth estimation using light-field cameras},
  author={Wang, Ting-Chun and Efros, Alexei A and Ramamoorthi, Ravi},
  booktitle={Proceedings of the IEEE International Conference on Computer Vision},
  pages={3487--3495},
  year={2015}
}