@inproceedings{tao2013depth,
  title={Depth from combining defocus and correspondence using light-field cameras},
  author={Tao, Michael W and Hadap, Sunil and Malik, Jitendra and Ramamoorthi, Ravi},
  booktitle={Proceedings of the IEEE International Conference on Computer Vision},
  pages={673--680},
  year={2013}
}